@article{juliapaper,
  author    = {Jeff Bezanson and
               Stefan Karpinski and
               Viral B. Shah and
               Alan Edelman},
  title     = {Julia: A Fast Dynamic Language for Technical Computing},
  journal   = {CoRR},
  volume    = {abs/1209.5145},
  year      = {2012},
  ee        = {http://arxiv.org/abs/1209.5145},
  bibsource = {DBLP, http://dblp.uni-trier.de}
},
@misc{julialang,
  title     = {Julia language webpage},
  url       = {http://julialang.org/}
},
@misc{bioconductor,
  title     = {The Bioconductor project},
  url       = {http://www.bioconductor.org/}
},
@misc{bioseq,
  author    = {Diego Javier Zea},
  title     = {\texttt{BioSeq} package},
  url       = {https://github.com/diegozea/BioSeq.jl}
}
