The bioperl project. http://www.bioperl.org/wiki/Main_Page. [Online; accessed 19-April-2013].
The julia language. http://julialang.org/. [Online; accessed 7-April-2013].
Zea., D.,  (2013) BioSeq (v0.2.0) package. http://julialang.org/ [Online; accessed 7-April-2013].
Carlson, M., Aboyoun, P., Pages, H., (2013) An introduction to genomic ranges classes.
http://bioconductor.org [Online; accessed 13-May-2013]

@book{deBerg:1997:CGA:261226,
 author = {de Berg, Mark and van Kreveld, Marc and Overmars, Mark and Schwarzkopf, Otfried},
 title = {Computational geometry: algorithms and applications},
 year = {1997},
 isbn = {3-540-61270-X},
 publisher = {Springer-Verlag New York, Inc.},
 address = {Secaucus, NJ, USA},
} 
